@comment{x-kbibtex-personnameformatting=<%l><, %f>}

@misc{Hemmecke+Rubey:Aldor-Combinat:2006,
	author = {Hemmecke, Ralf and Rubey, Martin},
	note = {Available at \url{http://www.risc.uni-linz.ac.at/people/hemmecke/aldor/combinat/}},
	title = {{Aldor-Combinat: An Implementation of Combinatorial Species}},
	year = 2006
}

@manual{sage,
	author = {Stein, W.\thinspace{}A. and others},
	key = {Sage},
	note = {{\tt http://www.sagemath.org}},
	organization = {The Sage Development Team},
	title = {{{S}age {M}athematics {S}oftware ({V}ersion 5.8)}},
	year = {2013}
}

@misc{genpython,
	abstract = {This PEP introduces the concept of generators to Python, as well as a new statement used in conjunction with them, the "yield" statement.},
	author = {Schemenauer, Neil and Peters, Tim and Hetland, Lie},
	note = {http://www.python.org/dev/peps/pep-0255/},
	organization = {Python Community},
	title = {{Simple Generators}},
	type = {PEP},
	year = {2001}
}

